<?xml version="1.0" encoding="UTF-8"?><collection xmlns="http://www.loc.gov/MARC21/slim"><record><leader>00537nam--2200181-u-4500</leader><controlfield tag="001">000052790</controlfield><controlfield tag="002">20161230</controlfield><controlfield tag="005">20161230201050</controlfield><controlfield tag="008">101018s1000------------r-----000-0-eng-d</controlfield><datafield ind1=" " ind2=" " tag="040"><subfield code="a">IFIN-HH</subfield></datafield><datafield ind1=" " ind2=" " tag="080"><subfield code="a">535.41</subfield></datafield><datafield ind1="1" ind2=" " tag="100"><subfield code="a">Guild, J</subfield></datafield><datafield ind1="1" ind2="0" tag="245"><subfield code="a">The Interference Systems of Crossed Diffraction Gratings</subfield><subfield code="b">Theory of Moire Fringes</subfield><subfield code="c">J. Guild</subfield></datafield><datafield ind1=" " ind2=" " tag="260"><subfield code="a">Oxford</subfield><subfield code="b">At the Calderon Oress</subfield><subfield code="c">1956</subfield></datafield><datafield ind1=" " ind2=" " tag="300"><subfield code="a">152 p</subfield></datafield><datafield ind1=" " ind2=" " tag="490"><subfield code="a">Monographs on the Physics and Chemistry of Materials</subfield></datafield><datafield ind1=" " ind2=" " tag="852"><subfield code="a">12144</subfield><subfield code="c">535</subfield></datafield><datafield ind1=" " ind2=" " tag="CAT"><subfield code="a">Sys</subfield><subfield code="c">20101018</subfield><subfield code="h">153221</subfield></datafield></record></collection>